@article{szekely2004testing,
  title={Testing for equal distributions in high dimension},
  author={Sz{\'e}kely, G{\'a}bor J and Rizzo, Maria L},
  journal={InterStat},
  volume={5},
  number={16.10},
  year={2004}
}